<?xml version="1.0" encoding="utf-8"?>
<record xmlns="http://www.loc.gov/MARC21/slim" xmlns:xsi="http://www.w3.org/2001/XMLSchema-instance" xsi:schemaLocation="http://www.loc.gov/MARC21/slim http://www.loc.gov/standards/marcxml/schema/MARC21slim.xsd">
	<leader>     nam a22     Mi 4500</leader>
	<controlfield tag="001">b12651230</controlfield>
	<controlfield tag="003">LeBAU</controlfield>
	<controlfield tag="006">m        d        </controlfield>
	<controlfield tag="007">cr cn |||m|||a</controlfield>
	<controlfield tag="008">180604s1929    le      o     ||1 0 ara d</controlfield>
	<datafield ind1=" " ind2=" " tag="040">
		<subfield code="a">ZYU</subfield>
		<subfield code="b">ara</subfield>
		<subfield code="e">rda</subfield>
		<subfield code="c">ZYU</subfield>
	</datafield>
	<datafield ind1="0" ind2="4" tag="082">
		<subfield code="a">920.05</subfield>
		<subfield code="2">20</subfield>
	</datafield>
	<datafield ind1="1" ind2=" " tag="100">
		<subfield code="6">880-01</subfield>
		<subfield code="a">Nawfal, ʻAbd Allāh Ḥabīb,</subfield>
		<subfield code="e">author.</subfield>
	</datafield>
	<datafield ind1="1" ind2="0" tag="245">
		<subfield code="6">880-02</subfield>
		<subfield code="a">Kitāb Tarājim ‎‘‎ulamā‎ʼ Ṭarā‎bulus wa-ʼudabā‎ʼihā‎ /</subfield>
		<subfield code="c">ta’līf ‘Abd Allāh Ḥabīb Nawfal.</subfield>
	</datafield>
	<datafield ind1="3" ind2="0" tag="246">
		<subfield code="6">880-03</subfield>
		<subfield code="a">Tarājim ‎‘‎ulamā‎ʼ Ṭarā‎bulus wa-udabā‎ʼihā‎</subfield>
	</datafield>
	<datafield ind1=" " ind2="1" tag="264">
		<subfield code="6">880-04</subfield>
		<subfield code="a">Ṭarā‎bulus :</subfield>
		<subfield code="b">Maṭbaʻat al-Ḥaḍārah,</subfield>
		<subfield code="c">1929.</subfield>
	</datafield>
	<datafield ind1=" " ind2=" " tag="300">
		<subfield code="6">880-05</subfield>
		<subfield code="a">online resource (303 pages)</subfield>
	</datafield>
	<datafield ind1=" " ind2=" " tag="336">
		<subfield code="a">text</subfield>
		<subfield code="2">rdacontent</subfield>
	</datafield>
	<datafield ind1=" " ind2=" " tag="337">
		<subfield code="a">computer</subfield>
		<subfield code="2">rdamedia</subfield>
	</datafield>
	<datafield ind1=" " ind2=" " tag="338">
		<subfield code="a">online resource</subfield>
		<subfield code="2">rdacarrier</subfield>
	</datafield>
	<datafield ind1=" " ind2=" " tag="500">
		<subfield code="a">يتضمن كشاف.</subfield>
	</datafield>
	<datafield ind1=" " ind2=" " tag="500">
		<subfield code="a">Part of the Arabic Collections Online (ACO) project, contributed by American University of Beirut's Jafet Memorial Library.</subfield>
	</datafield>
	<datafield ind1="0" ind2=" " tag="505">
		<subfield code="a">احدب، ابراهيم – احمدي، احمد – ادهمي، احمد بن صالح – ادهمي، محمد اسحق – ارناؤوط، عثمان -- اشرفي، عبد المنعم -- افيوني، عمر -- امام، محمود -- انطون، فرح -- بارودي، عبد الغني -- برادعي، عثمان -- بركة، درويش -- بيرو، نابليون -- تدمري، درويش -- تقاريظ -- ثمين، خليل -- جبلاوي، يوسف -- جسر، حسين -- جسر، محمد  -- حافظ، اسماعيل -- حافظ، عبد الحميد -- حامدي، نجيب -- حبيب، كريمة -- حداد، اسعد -- حداد، جبرائيل -- حسيني، عبد القادر -- خطيب، عبد الحميد -- خلاط، ابراهيم -- خلاط، انيس -- خلاط، نسيم -- خولي، جرجس -- دايه، خليل -- درويش، بن قاسم -- دواس، جعفر -- دوبا، بيوس -- دياب، سليم -- ديبو، ميخائيل -- ذوق، يوسف -- رافعي، أمين -- رافعي، عبد الغني -- رافعي، عبد الحميد -- رافعي، عبد القادر الاول -- رافعي، عبد القادر الثاني -- رافعي، مصطفى -- رافعي، محمد كامل -- رافعي، محمود -- رسالة جرجي افندي -- زرعوني، سلبيسترس -- زريق، انطون -- زريق، قيصر -- زعبي، حسن -- زعبي، فتح الله -- زعبي، نجيب -- زمور، اسكندر -- سعاده، إلياس -- سلطان، القاضي احمد -- سلطان، المحامي احمد -- سلطان، عبد العزيز -- سالكا، عبد اللطيف -- سمعان،ي شمعون -- سمعاني، يوسف -- سندروسي، محمد -- سنيني، عبد الجليل -- سلهب، محيي الدين -- سيري، عبد المولى -- سيري، عمر -- سيفي، محمد -- شنبور، درويش -- شهال، محمد -- شهال، محمد -- شهال، محمود -- صادق، خليل -- صدقة، الياس -- صدقة، مخائيل </subfield>
	</datafield>
	<datafield ind1="0" ind2=" " tag="505">
		<subfield code="a">صدقة، جبرائيل -- صدقة، مكاريوس -- صراف، انطوان -- صفدي، عبد الرؤوف -- صوايا، لبيبة -- صوفي، عبد الله -- صوفي، عبد الرحمن -- صوفي، عبد اللطيف -- صوفي، محمد -- صبيعة، موسى -- طرابلسي، خليل -- طرابلسي، نصر الله -- عز الدين، عبد الرحمن -- علاء الدين، علي بن محمد -- عمر، ابو محمد -- عطية، فريدة -- غندور، محمد -- غريب، يعقوب -- فتال، ابراهيم -- قاوقجي، شمس الدين -- كاتسفليس، ادوار -- كاتسفليس، اسكندر -- كاتسفليس، تيدور -- كاتسفليس، جواني -- كاتسفليس، جورج -- كاتسفليس، قيصر -- كاتسفليس، كريستوف -- كرامه، علي -- كرامه، عمر -- كرامه، مصطفى -- مابرو، قيصر -- محمد بن محمد، صلاح الدين – مر، الخوري الياس – مرعبي، علي باشا – مغربي، عبد الرحمن -- مغربي، محمود -- مقدم، اسماعيل -- منصور، نقولا -- منقارة، حسين -- منلا، عبد القادر -- منيني، احمد بن علي -- مؤذن، عبد الله -- ميقاتي، علي رشيد -- ميقاتي، مصطفى الحكيم -- ميقاتي، محمد رشيد -- ميقاتي، محمد -- نجا، عبد القادر -- نحاس، اسكندر -- نحاس، بولين -- نحاس، نقولا -- نشابه، محمود -- نعوم، جرجس -- نعوم، يعقوب -- نوفل، الياس و يعقوب -- نوفل، انيس -- نوفل، ابو نسيم عبد الله -- نوفل، جرجس -- نوفل، حبيب -- نوفل، سليم -- نوفل، عبد الله -- نوفل، موسى -- نوفل، نسيم و انطوان -- نوفل، نقولا -- نوفل، نوفل -- نوفل، هاني -- نوفل، وديع -- يكن، محمد -- يني، اسحق -- يني، انطونيوس -- يني، صموئيل.</subfield>
	</datafield>
	<datafield ind1=" " ind2=" " tag="533">
		<subfield code="a">Electronic reproduction.</subfield>
		<subfield code="b">New York, N.Y. :</subfield>
		<subfield code="c">New York University,</subfield>
		<subfield code="d">2018.</subfield>
		<subfield code="5">NNU</subfield>
	</datafield>
	<datafield ind1=" " ind2="4" tag="650">
		<subfield code="a">المدن والحواضر</subfield>
		<subfield code="z">لبنان</subfield>
		<subfield code="z">طرابلس.</subfield>
	</datafield>
	<datafield ind1=" " ind2="0" tag="650">
		<subfield code="a">Cities and towns</subfield>
		<subfield code="z">Lebanon</subfield>
		<subfield code="z">Tripoli.</subfield>
	</datafield>
	<datafield ind1=" " ind2="4" tag="651">
		<subfield code="a">طرابلس (لبنان)</subfield>
		<subfield code="v">تراجم.</subfield>
	</datafield>
	<datafield ind1=" " ind2="0" tag="651">
		<subfield code="a">Tripoli (Lebanon)</subfield>
		<subfield code="v">Biography.</subfield>
	</datafield>
	<datafield ind1="2" ind2=" " tag="710">
		<subfield code="a">Jafet Memorial Library.</subfield>
	</datafield>
	<datafield ind1="0" ind2=" " tag="730">
		<subfield code="a">Arabic Collections Online.</subfield>
	</datafield>
	<datafield ind1="0" ind2=" " tag="775">
		<subfield code="6">880-06</subfield>
		<subfield code="t">Tarājim ‎‘‎ulamā‎ʼ Ṭarā‎bulus wa-udabā‎ʼihā‎</subfield>
		<subfield code="d">Ṭarā‎bulus : Maktabat al-Sā’iḥ, 1984</subfield>
		<subfield code="w">b19236335</subfield>
	</datafield>
	<datafield ind1="0" ind2="8" tag="776">
		<subfield code="i">Print version:</subfield>
		<subfield code="a">Nawfal, ʻAbd Allāh Ḥabīb, author.</subfield>
		<subfield code="t">Kitāb Tarājim ‎‘‎ulamā‎ʼ Ṭarā‎bulus wa-ʼudabā‎ʼihā‎</subfield>
		<subfield code="w">(LeBAU)b12651230</subfield>
	</datafield>
	<datafield ind1="4" ind2="0" tag="856">
		<subfield code="u">http://hdl.handle.net/2333.1/x3ffbphr</subfield>
	</datafield>
	<datafield ind1="1" ind2=" " tag="880">
		<subfield code="6">100-01</subfield>
		<subfield code="a">نوفل، عبد الله حبيب،</subfield>
		<subfield code="e">مؤلف. </subfield>
		<subfield code="4">aut.</subfield>
	</datafield>
	<datafield ind1="1" ind2="0" tag="880">
		<subfield code="6">245-02</subfield>
		<subfield code="a">كتاب تراجم علماء طرابلس وادبائها /</subfield>
		<subfield code="c">تأليف عبد الله حبيب نوفل.</subfield>
	</datafield>
	<datafield ind1="3" ind2="0" tag="880">
		<subfield code="6">246-03</subfield>
		<subfield code="a">تراجم علماء طرابلس وادبائها</subfield>
	</datafield>
	<datafield ind1=" " ind2="1" tag="880">
		<subfield code="6">264-04</subfield>
		<subfield code="a">طرابلس :</subfield>
		<subfield code="b">مطبعة الحضارة،</subfield>
		<subfield code="c">1929.</subfield>
	</datafield>
	<datafield ind1=" " ind2=" " tag="880">
		<subfield code="6">300-05</subfield>
		<subfield code="a">303 صفحات ؛</subfield>
		<subfield code="c">24 سم</subfield>
	</datafield>
	<datafield ind1="0" ind2=" " tag="880">
		<subfield code="6">775-06</subfield>
		<subfield code="t">تراجم علماء طرابلس وادبائها</subfield>
		<subfield code="d">طرابلس : مكتبة السائح، 1984</subfield>
		<subfield code="w">b19236335</subfield>
	</datafield>
	<datafield ind1=" " ind2=" " tag="959">
		<subfield code="a">NNU</subfield>
		<subfield code="b">WEB</subfield>
		<subfield code="c">GENI</subfield>
		<subfield code="t">0</subfield>
		<subfield code="m">Electronic access</subfield>
		<subfield code="s">01</subfield>
	</datafield>
	<datafield ind1=" " ind2=" " tag="999">
		<subfield code="i">LeBAU_b12651230</subfield>
		<subfield code="s">aub_aco001836</subfield>
		<subfield code="e">(ERROR-MISC)</subfield>
	</datafield>
</record>
